@ARTICLE{Foroutan_undated-ig,
  title   = "Detection of false data injection attacks against stateestimation
             in smart grids based on a mixture Gaussian distribution learning
             method, '' {inIETCyber-Physical} Systems",
  author  = "Foroutan, F S A R",
  journal = "inIETCyber-Physical Systems: Theory \& Applications",
  volume  =  2
}

@INCOLLECTION{Karimipour2017-tj,
  title     = "On false data injection attack against dynamic stateestimation
               on smart power grids",
  booktitle = "2017 {IEEE} International Conference on Smart Energy
               {GridEngineering} ({SEGE})",
  author    = "Karimipour, V H",
  pages     = "388--393",
  year      =  2017,
  address   = "Oshawa, ON"
}

@ARTICLE{Rahman2013-pu,
  title   = "False data injection attacks against nonlinear stateestimation in
             smart power grids",
  author  = "Rahman, H M A",
  journal = "IEEE Power \& Energy Society General Meeting",
  pages   = "1--5",
  year    =  2013
}

@ARTICLE{Hossain2019-dh,
  title     = "Application of big data and machine learning in smart grid, and
               associated security concerns: A review",
  author    = "Hossain, Eklas and Khan, Imtiaj and Un-Noor, Fuad and Sikander,
               Sarder Shazali and Sunny, Md Samiul Haque",
  journal   = "IEEE Access",
  publisher = "Institute of Electrical and Electronics Engineers (IEEE)",
  volume    =  7,
  pages     = "13960--13988",
  year      =  2019,
  copyright = "https://ieeexplore.ieee.org/Xplorehelp/downloads/license-information/OAPA.html"
}

@ARTICLE{Zhang2019-eu,
  title     = "False data injection attacks against smart gird state
               estimation: Construction, detection and defense",
  author    = "Zhang, Meng and Shen, Chao and He, Ning and Han, Sicong and Li,
               Qi and Wang, Qian and Guan, Xiaohong",
  journal   = "Sci. China Technol. Sci.",
  publisher = "Springer Science and Business Media LLC",
  volume    =  62,
  number    =  12,
  pages     = "2077--2087",
  month     =  dec,
  year      =  2019,
  language  = "en"
}

@INPROCEEDINGS{Youssef2018-yu,
  title           = "False data injection attacks against state estimation in
                     smart grids: Challenges and opportunities",
  booktitle       = "2018 {IEEE} Canadian Conference on Electrical \& Computer
                     Engineering ({CCECE})",
  author          = "Youssef, El-Nasser S and Labeau, Fabrice",
  publisher       = "IEEE",
  month           =  may,
  year            =  2018,
  conference      = "2018 IEEE Canadian Conference on Electrical \& Computer
                     Engineering (CCECE)",
  location        = "Quebec, QC, Canada"
}
